<?xml version="1.0" encoding="UTF-8"?><record xmlns="http://www.loc.gov/MARC21/slim" xmlns:cinclude="http://apache.org/cocoon/include/1.0" xmlns:zs="http://www.loc.gov/zing/srw/">
  <leader>00507cz  a2200133n  4500</leader>
  <controlfield tag="001">n  00034366 </controlfield>
  <controlfield tag="003">DLC</controlfield>
  <controlfield tag="005">20000807091325.0</controlfield>
  <controlfield tag="008">000807n| acannaabn          |a aaa      </controlfield>
  <datafield tag="010" ind1=" " ind2=" ">
    <subfield code="a">n  00034366 </subfield>
  </datafield>
  <datafield tag="040" ind1=" " ind2=" ">
    <subfield code="a">DLC</subfield>
    <subfield code="b">eng</subfield>
    <subfield code="c">DLC</subfield>
  </datafield>
  <datafield tag="100" ind1="1" ind2=" ">
    <subfield code="a">I︠A︡rt︠s︡ev, Ivan</subfield>
  </datafield>
  <datafield tag="400" ind1="1" ind2=" ">
    <subfield code="a">I︠A︡rt︠s︡ev, I. S.</subfield>
    <subfield code="q">(Ivan Semenovich)</subfield>
  </datafield>
  <datafield tag="670" ind1=" " ind2=" ">
    <subfield code="a">I︠A︡rt︠s︡ev, Ivan Semenovich. Novosoldatka, 1996:</subfield>
    <subfield code="b">t.p. (Ivan I︠A︡rt︠s︡ev) colophon (I︠A︡rt︠s︡ev Ivan Semenovich) p. 1 of cover (I.S. I︠A︡rt︠s︡ev)</subfield>
  </datafield>
</record>